<record><leader>00000cas a22000007a 4500</leader><controlfield tag="001">9963739</controlfield><controlfield tag="008">830929d1875187uksumr ne      0   a0eng d</controlfield><datafield ind1=" " ind2=" " tag="010"><subfield code="a">sn 83040717 </subfield></datafield><datafield ind1=" " ind2=" " tag="040"><subfield code="a">KSH</subfield><subfield code="b">eng</subfield><subfield code="c">KSH</subfield><subfield code="d">NPT</subfield><subfield code="d">EYM</subfield><subfield code="d">NVF</subfield><subfield code="d">OCLCQ</subfield><subfield code="d">OCLCF</subfield><subfield code="d">OCLCO</subfield></datafield><datafield ind1=" " ind2=" " tag="012"><subfield code="i">9502</subfield></datafield><datafield ind1="1" ind2=" " tag="029"><subfield code="a">AU@</subfield><subfield code="b">000020287602</subfield></datafield><datafield ind1=" " ind2=" " tag="042"><subfield code="a">msc</subfield></datafield><datafield ind1=" " ind2=" " tag="043"><subfield code="a">n-us-ks</subfield></datafield><datafield ind1=" " ind2=" " tag="090"><subfield code="a">HX1</subfield><subfield code="b">.P8</subfield></datafield><datafield ind1="0" ind2="4" tag="245"><subfield code="a">The Progressive Communist.</subfield></datafield><datafield ind1=" " ind2=" " tag="260"><subfield code="a">Cedar Vale, Kan. :</subfield><subfield code="b">Progressive Community</subfield></datafield><datafield ind1=" " ind2=" " tag="300"><subfield code="a">v.</subfield></datafield><datafield ind1=" " ind2=" " tag="310"><subfield code="a">Monthly</subfield></datafield><datafield ind1="0" ind2=" " tag="362"><subfield code="a">Vol. 1, no. 1 (Jan. 1, 1875)-</subfield></datafield><datafield ind1=" " ind2=" " tag="500"><subfield code="a">"Communist."</subfield></datafield><datafield ind1=" " ind2=" " tag="500"><subfield code="a">The Progressive Community was in Howard County until Sept. 1875, when it became part of Chautauqua County.</subfield></datafield><datafield ind1=" " ind2=" " tag="530"><subfield code="a">Available on microfilm from the New York Public Library.</subfield></datafield><datafield ind1=" " ind2=" " tag="580"><subfield code="a">Issued with: Social investigator, July-Sept. 1875.</subfield></datafield><datafield ind1=" " ind2="0" tag="650"><subfield code="a">Communism</subfield><subfield code="z">Kansas</subfield><subfield code="v">Newspapers.</subfield></datafield><datafield ind1=" " ind2="0" tag="651"><subfield code="a">Cedar Vale (Kan.)</subfield><subfield code="v">Newspapers.</subfield></datafield><datafield ind1=" " ind2="7" tag="655"><subfield code="a">Newspapers.</subfield><subfield code="2">fast</subfield><subfield code="0">(OCoLC)fst01423814</subfield></datafield><datafield ind1=" " ind2="7" tag="650"><subfield code="a">Communism.</subfield><subfield code="2">fast</subfield><subfield code="0">(OCoLC)fst00870421</subfield></datafield><datafield ind1=" " ind2="7" tag="651"><subfield code="a">Kansas.</subfield><subfield code="2">fast</subfield><subfield code="0">(OCoLC)fst01204323</subfield></datafield><datafield ind1=" " ind2="7" tag="651"><subfield code="a">Kansas</subfield><subfield code="z">Cedar Vale.</subfield><subfield code="2">fast</subfield><subfield code="0">(OCoLC)fst01257442</subfield></datafield><datafield ind1="2" ind2=" " tag="710"><subfield code="a">Progressive Community (Cedar Vale, Kan.)</subfield></datafield><datafield ind1=" " ind2=" " tag="752"><subfield code="a">United States</subfield><subfield code="b">Kansas</subfield><subfield code="c">Chautauqua</subfield><subfield code="d">Cedar Vale.</subfield></datafield><datafield ind1="1" ind2=" " tag="777"><subfield code="t">Social investigator</subfield><subfield code="w">(DLC)sn 83040799</subfield><subfield code="w">(OCoLC)9963971</subfield></datafield><datafield ind1=" " ind2=" " tag="850"><subfield code="a">MiU</subfield></datafield><datafield ind1=" " ind2=" " tag="936"><subfield code="a">Vol. 1, no. 11 (Nov. 1875) LIC</subfield></datafield></record>